<?xml version="1.0" encoding="UTF-8"?><collection xmlns="http://www.loc.gov/MARC21/slim"><record><leader>00375nam--2200145-i-4500</leader><controlfield tag="001">000013964</controlfield><controlfield tag="002">20161230</controlfield><controlfield tag="005">20161230201030</controlfield><controlfield tag="008">060222s1000------------r-----000-0-eng-d</controlfield><datafield ind1=" " ind2=" " tag="080"><subfield code="a">577.27</subfield></datafield><datafield ind1=" " ind2=" " tag="245"><subfield code="a">Radioimunology 1979</subfield></datafield><datafield ind1=" " ind2=" " tag="260"><subfield code="a">Amsterdam, Elsevier/North-holland Biomedical Press, 1979. Xi + 307 P</subfield></datafield><datafield ind1=" " ind2=" " tag="490"><subfield code="a">Proceedings</subfield></datafield><datafield ind1=" " ind2=" " tag="700"><subfield code="a">Bizollon, Ch. A</subfield></datafield><datafield ind1=" " ind2=" " tag="852"><subfield code="a">49345</subfield></datafield></record></collection>